<record><leader>00000cas a2200000 a 4500</leader><controlfield tag="001">12931074</controlfield><controlfield tag="008">851218d19051958ksuwr ne      0    0eng d</controlfield><datafield ind1=" " ind2=" " tag="010"><subfield code="a">sn 85067213 </subfield></datafield><datafield ind1=" " ind2=" " tag="040"><subfield code="a">KSH</subfield><subfield code="b">eng</subfield><subfield code="c">KSH</subfield><subfield code="d">NPT</subfield><subfield code="d">OCL</subfield><subfield code="d">OCLCQ</subfield></datafield><datafield ind1=" " ind2=" " tag="042"><subfield code="a">msc</subfield></datafield><datafield ind1="0" ind2="4" tag="245"><subfield code="a">The Rossville reporter.</subfield></datafield><datafield ind1=" " ind2=" " tag="260"><subfield code="a">Rossville, Kan. :</subfield><subfield code="b">U.G. Stewart,</subfield><subfield code="c">1905-1958.</subfield></datafield><datafield ind1=" " ind2=" " tag="300"><subfield code="a">54 v. :</subfield><subfield code="b">ill. ;</subfield><subfield code="c">50-55 cm.</subfield></datafield><datafield ind1=" " ind2=" " tag="310"><subfield code="a">Weekly</subfield></datafield><datafield ind1="0" ind2=" " tag="362"><subfield code="a">Vol. 6, no. 27 (June 2, 1905)-v. 59, no. 39 (Aug. 7, 1958).</subfield></datafield><datafield ind1=" " ind2=" " tag="500"><subfield code="a">Publisher varies.</subfield></datafield><datafield ind1=" " ind2=" " tag="752"><subfield code="a">United States</subfield><subfield code="b">Kansas</subfield><subfield code="c">Shawnee</subfield><subfield code="d">Rossville.</subfield></datafield><datafield ind1="0" ind2="0" tag="780"><subfield code="t">Shawnee County news</subfield><subfield code="w">(DLC)sn 85067212</subfield></datafield><datafield ind1="0" ind2="0" tag="785"><subfield code="t">Shawnee County reporter</subfield><subfield code="w">(DLC)sn 85067214</subfield></datafield><datafield ind1="1" ind2=" " tag="029"><subfield code="a">AU@</subfield><subfield code="b">000022171479</subfield></datafield></record>